
@article{benedetto,
  title={Some remarks about flux time derivative},
  author={Benedetto, Elmo},
  journal={Afrika Matematika},
  volume={28},
  number={1-2},
  pages={23--27},
  year={2017},
  publisher={Springer}
}





@article{wares,
  title={Using origami boxes to explore concepts of geometry and calculus},
  author={Wares, Arsalan},
  journal={International Journal of Mathematical Education in Science and Technology},
  volume={42},
  number={2},
  pages={264--272},
  year={2011},
  publisher={Taylor \& Francis}
}











@article{knudson,
  title={Cutting Against the Grain: Volumes of Solids of Revolution via Cross-Sections Parallel to the Rotation Axis},
  author={Knudson, Kevin P},
  journal={The College Mathematics Journal},
  volume={49},
  number={2},
  pages={114--120},
  year={2018},
  publisher={Taylor \& Francis}
}

