


@article{serna,
author = {Juan D. Serna and Amitabh Joshi},
title = {The Center of Mass of a Soft Spring},
journal = {The College Mathematics Journal},
volume = {42},
number = {5},
pages = {389-394},
year  = {2011},
publisher = {Taylor & Francis},
doi = {10.4169/college.math.j.42.5.389},

URL = { 
        https://doi.org/10.4169/college.math.j.42.5.389
    
},
eprint = { 
        https://doi.org/10.4169/college.math.j.42.5.389
    
}

}





@article{knudson,
  title={Cutting Against the Grain: Volumes of Solids of Revolution via Cross-Sections Parallel to the Rotation Axis},
  author={Knudson, Kevin P},
  journal={The College Mathematics Journal},
  volume={49},
  number={2},
  pages={114--120},
  year={2018},
  publisher={Taylor \& Francis}
}
