






@article{doi:10.1080/0020739X.2010.519797,
author = { Arsalan   Wares },
title = {Using origami boxes to explore concepts of geometry and calculus},
journal = {International Journal of Mathematical Education in Science and Technology},
volume = {42},
number = {2},
pages = {264-272},
year  = {2011},
publisher = {Taylor & Francis},
doi = {10.1080/0020739X.2010.519797},

URL = { 
        https://doi.org/10.1080/0020739X.2010.519797
    
},
eprint = { 
        https://doi.org/10.1080/0020739X.2010.519797
    
}

}


