






@article{doi:10.1080/07468342.2018.1411656,
author = {Kevin P. Knudson},
title = {Cutting Against the Grain: Volumes of Solids of Revolution via Cross-Sections Parallel to the Rotation Axis},
journal = {The College Mathematics Journal},
volume = {49},
number = {2},
pages = {114-120},
year  = {2018},
publisher = {Taylor & Francis},
doi = {10.1080/07468342.2018.1411656},

URL = { 
        https://doi.org/10.1080/07468342.2018.1411656
    
},
eprint = { 
        https://doi.org/10.1080/07468342.2018.1411656
    
}

}


