@article{gomez1970herencia,
  title={Herencia colonial en la imagineria de las iglesias y museos de {S}anta fe de {B}ogotá},
  author={Gomez Hurtado, Alvaro and Alvarez Diaz, Enrique},
  year={1970}
}

@book{diaz1924arquitectura,
  title={Arquitectura de {B}ogot{\'a}},
  author={D{\'\i}az, Alfredo Ortega},
  volume={1},
  year={1924},
  publisher={PROA}
}

@book{tovar1968arte,
  title={El arte colonial en {C}olombia},
  author={Tovar, Francisco Gil and Camacho, Carlos Arb{\'e}laez},
  year={1968},
  publisher={Sol y Luna}
}

@book{silva2006imaginarios,
  title={Imaginarios urbanos},
  author={Silva, Armando},
  year={2006},
  publisher={Arango Editores Bogot{\'a}}
}

@misc{video,
    author = {Mejía, Germán},
    title = {La ciudad de los conquistadores},
    journal = {Youtube},
    type = {Youtube Video},
    year = {2012},
    howpublished = {\url{https://youtu.be/z02BVQWNdfM}},
    note = {Visto el 29 de abril de 2019 }
}

