@article{GARCIA20111634,
title = "A discrete mathematical model for addictive buying: Predicting the affected population evolution",
journal = "Mathematical and Computer Modelling",
volume = "54",
number = "7",
pages = "1634 - 1637",
year = "2011",
note = "Mathematical models of addictive behaviour, medicine & engineering",
issn = "0895-7177",
author = "I. García and L. Jódar and P. Merello and F.-J. Santonja"
}
